<?xml version="1.0" encoding="UTF-8"?><collection xmlns="http://www.loc.gov/MARC21/slim"><record><leader>00546nam--2200181-u-4500</leader><controlfield tag="001">000055613</controlfield><controlfield tag="002">20161230</controlfield><controlfield tag="005">20161230201052</controlfield><controlfield tag="008">130228s1000------------r-----000-0-eng-d</controlfield><datafield ind1=" " ind2=" " tag="040"><subfield code="a">IFIN-HH</subfield></datafield><datafield ind1=" " ind2=" " tag="080"><subfield code="a">413.232=S=867:539.1</subfield></datafield><datafield ind1="1" ind2=" " tag="100"><subfield code="a">Jelev, J</subfield></datafield><datafield ind1="1" ind2="0" tag="245"><subfield code="a">Rusko-bilgarski recenik po iaderna fizika i tehnika</subfield><subfield code="b">Russko-bolgarskii slovari po iadernoi fizike i tehnike</subfield><subfield code="c">J. jelev, i. petkov</subfield></datafield><datafield ind1=" " ind2=" " tag="260"><subfield code="a">Moskva</subfield><subfield code="b">Sovetskaia Entiklopedia</subfield><subfield code="c">1965</subfield></datafield><datafield ind1=" " ind2=" " tag="300"><subfield code="a">423P</subfield></datafield><datafield ind1="1" ind2=" " tag="700"><subfield code="a">Petkov, I</subfield></datafield><datafield ind1=" " ind2=" " tag="852"><subfield code="a">D.356</subfield><subfield code="c">SLCH</subfield></datafield><datafield ind1=" " ind2=" " tag="CAT"><subfield code="a">Sys</subfield><subfield code="c">20130228</subfield><subfield code="h">173924</subfield></datafield></record></collection>